@inproceedings{krizhevsky2012imagenet,
  title={Imagenet classification with deep convolutional neural networks},
  author={Krizhevsky, Alex and Sutskever, Ilya and Hinton, Geoffrey E},
  booktitle={Advances in neural information processing systems},
  pages={1097--1105},
  year={2012}
}

@inproceedings{simonyan2014very,
  title={Very deep convolutional networks for large-scale image recognition},
  author={Simonyan, Karen and Zisserman, Andrew},
  booktitle={ICLR},
  year={2014}
}

@article{chatfield2014return,
  title={Return of the devil in the details: Delving deep into convolutional nets},
  author={Chatfield, Ken and Simonyan, Karen and Vedaldi, Andrea and Zisserman, Andrew},
  journal={arXiv preprint arXiv:1405.3531},
  year={2014}
}

@inproceedings{oquab2015object,
  title={Is object localization for free?-weakly-supervised learning with convolutional neural networks},
  author={Oquab, Maxime and Bottou, L{\'e}on and Laptev, Ivan and Sivic, Josef},
  booktitle={Proceedings of the IEEE Conference on Computer Vision and Pattern Recognition},
  pages={685--694},
  year={2015}
}

@inproceedings{durand2015mantra,
  title={MANTRA: Minimum Maximum Latent Structural SVM for Image Classification and Ranking},
  author={Durand, Thibaut and Thome, Nicolas and Cord, Matthieu},
  booktitle={Proceedings of the IEEE International Conference on Computer Vision},
  pages={},
  year={2015}
}

@article{avila2013pooling,
  title={Pooling in image representation: The visual codeword point of view},
  author={Avila, Sandra and Thome, Nicolas and Cord, Matthieu and Valle, Eduardo and Ara{\'u}Jo, Arnaldo De A},
  journal={Computer Vision and Image Understanding},
  volume={117},
  number={5},
  pages={453--465},
  year={2013},
  publisher={Elsevier}
}

@inproceedings{durand2016weldon,
  title={WELDON: Weakly Supervised Learning of Deep Convolutional Neural Networks},
  author={Durand, Thibaut and Thome, Nicolas and Cord, Matthieu},
  booktitle={Proceedings of the IEEE International Conference on Computer Vision and Pattern Recognition},
  pages={},
  year={2016}
}

@inproceedings{wang2015recipe,
  title={Recipe recognition with large multimodal food dataset},
  author={Wang, Xin and Kumar, Devinder and Thome, Nicolas and Cord, Matthieu and Precioso, Frederic},
  booktitle={Multimedia \& Expo Workshops (ICMEW), 2015 IEEE International Conference on},
  pages={1--6},
  year={2015},
  organization={IEEE}
}

@inproceedings{rasmus2015semi,
	title={Semi-Supervised Learning with Ladder Networks},
	author={Rasmus, Antti and Berglund, Mathias and Honkala, Mikko and Valpola, Harri and Raiko, Tapani},
	booktitle={Advances in Neural Information Processing Systems},
	pages={3532--3540},
	year={2015}
}

@inproceedings{andrew2013deep,
	title={Deep canonical correlation analysis},
	author={Andrew, Galen and Arora, Raman and Bilmes, Jeff and Livescu, Karen},
	booktitle={Proceedings of the 30th International Conference on Machine Learning},
	pages={1247--1255},
	year={2013}
}