@article{szegedy2015rethinking,
  title={Rethinking the inception architecture for computer vision},
  author={Szegedy, Christian and Vanhoucke, Vincent and Ioffe, Sergey and Shlens, Jonathon and Wojna, Zbigniew},
  journal={CVPR},
  year={2015}
}

@article{Kingma14,
  author    = {Diederik P. Kingma and
               Jimmy Ba},
  title     = {Adam: {A} Method for Stochastic Optimization},
  journal   = {ICLR},
  year      = {2014}
}

@ARTICLE{LSUVInit2015,
author = {{Mishkin}, D. and {Matas}, J.},
title = "{All you need is a good init}",
journal = {arXiv preprint arXiv:1511.06422},
year = 2015,
month = nov
}

@inproceedings{durand2016weldon,
  title={WELDON: Weakly Supervised Learning of Deep Convolutional Neural Networks},
  author={Durand, Thibaut and Thome, Nicolas and Cord, Matthieu},
  booktitle={CVPR},
  pages={},
  year={2016}
}

@inproceedings{simonyan2014very,
  title={Very deep convolutional networks for large-scale image recognition},
  author={Simonyan, Karen and Zisserman, Andrew},
  journal={ICLR},
  year={2014}
}

@inproceedings{he2016deep,
  title={Identity Mappings in Deep Residual Networks},
  author={He, Kaiming and Zhang, Xiangyu and Ren, Shaoqing and Sun, Jian},
  booktitle={ECCV},
  pages={},
  year={2016}
}
